{
  "leader": "02574cam a2200505 i 4500",
  "fields": [
    {
      "001": "ocn853147479"
    },
    {
      "003": "OCoLC"
    },
    {
      "005": "20220106125635.0"
    },
    {
      "008": "140710s2013\\\\\\\\nyua\\\\\\\\\\\\\\\\\\\\001\\0\\eng\\\\"
    },
    {
      "010": {
        "ind1": "\\",
        "ind2": "\\",
        "subfields": [
          {
            "a": "  2013456905"
          }
        ]
      }
    },
    {
      "040": {
        "ind1": "\\",
        "ind2": "\\",
        "subfields": [
          {
            "a": "DLC"
          },
          {
            "b": "eng"
          },
          {
            "e": "rda"
          },
          {
            "c": "DLC"
          },
          {
            "d": "OCLCO"
          },
          {
            "d": "OCLCF"
          },
          {
            "d": "TPH"
          },
          {
            "d": "UBY"
          },
          {
            "d": "DGU"
          },
          {
            "d": "OCL"
          },
          {
            "d": "RCJ"
          },
          {
            "d": "KMS"
          },
          {
            "d": "OCLCQ"
          },
          {
            "d": "OCLCA"
          },
          {
            "d": "OCLCQ"
          },
          {
            "d": "VPI"
          },
          {
            "d": "COF"
          },
          {
            "d": "OCLCO"
          },
          {
            "d": "AGL"
          },
          {
            "d": "NJR"
          },
          {
            "d": "OCLCO"
          },
          {
            "d": "OCLCA"
          },
          {
            "d": "GILDS"
          },
          {
            "d": "OCLCO"
          },
          {
            "d": "PAU"
          },
          {
            "d": "OCLCO"
          },
          {
            "d": "KFH"
          },
          {
            "d": "OCLCO"
          },
          {
            "d": "SNN"
          },
          {
            "d": "OCLCO"
          },
          {
            "d": "DXU"
          },
          {
            "d": "OCLCO"
          },
          {
            "d": "CPO"
          },
          {
            "d": "OCLCO"
          },
          {
            "d": "AZU"
          },
          {
            "d": "U3G"
          },
          {
            "d": "OCLCO"
          },
          {
            "d": "OCLCQ"
          }
        ]
      }
    },
    {
      "020": {
        "ind1": "\\",
        "ind2": "\\",
        "subfields": [
          {
            "a": "9780979638923"
          }
        ]
      }
    },
    {
      "020": {
        "ind1": "\\",
        "ind2": "\\",
        "subfields": [
          {
            "a": "0979638925"
          }
        ]
      }
    },
    {
      "035": {
        "ind1": "\\",
        "ind2": "\\",
        "subfields": [
          {
            "a": "(OCoLC)853147479"
          }
        ]
      }
    },
    {
      "042": {
        "ind1": "\\",
        "ind2": "\\",
        "subfields": [
          {
            "a": "pcc"
          }
        ]
      }
    },
    {
      "043": {
        "ind1": "\\",
        "ind2": "\\",
        "subfields": [
          {
            "a": "n-us---"
          }
        ]
      }
    },
    {
      "050": {
        "ind1": "0",
        "ind2": "0",
        "subfields": [
          {
            "a": "HV40.8.U6"
          },
          {
            "b": "A37 2013"
          }
        ]
      }
    },
    {
      "060": {
        "ind1": "\\",
        "ind2": "4",
        "subfields": [
          {
            "a": "HV 40.8 U6 A37 2013"
          }
        ]
      }
    },
    {
      "070": {
        "ind1": "0",
        "ind2": "\\",
        "subfields": [
          {
            "a": "HV40.8.U6"
          },
          {
            "b": "A37 2013"
          }
        ]
      }
    },
    {
      "082": {
        "ind1": "0",
        "ind2": "4",
        "subfields": [
          {
            "a": "361.320973"
          },
          {
            "b": "ABR"
          }
        ]
      }
    },
    {
      "100": {
        "ind1": "1",
        "ind2": "\\",
        "subfields": [
          {
            "a": "Abrahamson, Eric John,"
          },
          {
            "e": "author."
          }
        ]
      }
    },
    {
      "245": {
        "ind1": "1",
        "ind2": "0",
        "subfields": [
          {
            "a": "Beyond charity :"
          },
          {
            "b": "a century of philanthropic innovation /"
          },
          {
            "c": "by Eric John Abrahamson, Ph. D."
          }
        ]
      }
    },
    {
      "264": {
        "ind1": "\\",
        "ind2": "1",
        "subfields": [
          {
            "a": "New York :"
          },
          {
            "b": "The Rockefeller Foundation,"
          },
          {
            "c": "[2013]"
          }
        ]
      }
    },
    {
      "300": {
        "ind1": "\\",
        "ind2": "\\",
        "subfields": [
          {
            "a": "324 pages :"
          },
          {
            "b": "illustrations (some color) ;"
          },
          {
            "c": "23 cm"
          }
        ]
      }
    },
    {
      "336": {
        "ind1": "\\",
        "ind2": "\\",
        "subfields": [
          {
            "a": "text"
          },
          {
            "b": "txt"
          },
          {
            "2": "rdacontent"
          }
        ]
      }
    },
    {
      "337": {
        "ind1": "\\",
        "ind2": "\\",
        "subfields": [
          {
            "a": "unmediated"
          },
          {
            "b": "n"
          },
          {
            "2": "rdamedia"
          }
        ]
      }
    },
    {
      "338": {
        "ind1": "\\",
        "ind2": "\\",
        "subfields": [
          {
            "a": "volume"
          },
          {
            "b": "nc"
          },
          {
            "2": "rdacarrier"
          }
        ]
      }
    },
    {
      "490": {
        "ind1": "1",
        "ind2": "\\",
        "subfields": [
          {
            "a": "Rockefeller Foundation centennial series"
          }
        ]
      }
    },
    {
      "500": {
        "ind1": "\\",
        "ind2": "\\",
        "subfields": [
          {
            "a": "Includes index."
          }
        ]
      }
    },
    {
      "500": {
        "ind1": "\\",
        "ind2": "\\",
        "subfields": [
          {
            "a": "\"Innovation for the next 100 years.\""
          }
        ]
      }
    },
    {
      "505": {
        "ind1": "0",
        "ind2": "\\",
        "subfields": [
          {
            "a": "Donors -- Foundation -- Mission -- Board -- Program -- Knowledge -- Grantees -- Collaboration -- Social investing -- Culture -- Perpetuity -- Conclusion."
          }
        ]
      }
    },
    {
      "520": {
        "ind1": "\\",
        "ind2": "\\",
        "subfields": [
          {
            "a": "The creation of the Rockefeller Foundation in 1913 was in itself a marked innovation in the development of modern philanthropy. Foundation staff, trustees and grantees had to learn by doing. The topical chapters in Beyond charity explore the evolution of the Foundation's practice from the board room to the field office. For professionals or volunteers entering the field of philanthropy, each chapter offers an opening essay that highlights abiding issues in the field. The stories and characters that illuminate these themes make the history come to life."
          }
        ]
      }
    },
    {
      "610": {
        "ind1": "2",
        "ind2": "0",
        "subfields": [
          {
            "a": "Rockefeller Foundation."
          }
        ]
      }
    },
    {
      "650": {
        "ind1": "\\",
        "ind2": "0",
        "subfields": [
          {
            "a": "Philanthropists"
          },
          {
            "z": "United States."
          }
        ]
      }
    },
    {
      "650": {
        "ind1": "\\",
        "ind2": "0",
        "subfields": [
          {
            "a": "Charities"
          },
          {
            "z": "United States."
          }
        ]
      }
    },
    {
      "650": {
        "ind1": "1",
        "ind2": "2",
        "subfields": [
          {
            "a": "Charities"
          }
        ]
      }
    },
    {
      "651": {
        "ind1": "\\",
        "ind2": "2",
        "subfields": [
          {
            "a": "United States"
          }
        ]
      }
    },
    {
      "610": {
        "ind1": "2",
        "ind2": "7",
        "subfields": [
          {
            "a": "Rockefeller Foundation."
          },
          {
            "2": "fast"
          },
          {
            "0": "(OCoLC)fst00528303"
          }
        ]
      }
    },
    {
      "650": {
        "ind1": "\\",
        "ind2": "7",
        "subfields": [
          {
            "a": "Charities."
          },
          {
            "2": "fast"
          },
          {
            "0": "(OCoLC)fst00852404"
          }
        ]
      }
    },
    {
      "650": {
        "ind1": "\\",
        "ind2": "7",
        "subfields": [
          {
            "a": "Philanthropists."
          },
          {
            "2": "fast"
          },
          {
            "0": "(OCoLC)fst01060593"
          }
        ]
      }
    },
    {
      "651": {
        "ind1": "\\",
        "ind2": "7",
        "subfields": [
          {
            "a": "United States."
          },
          {
            "2": "fast"
          },
          {
            "0": "(OCoLC)fst01204155"
          }
        ]
      }
    },
    {
      "830": {
        "ind1": "\\",
        "ind2": "0",
        "subfields": [
          {
            "a": "Rockefeller Foundation centennial series."
          }
        ]
      }
    },
    {
      "994": {
        "ind1": "\\",
        "ind2": "\\",
        "subfields": [
          {
            "a": "Z0"
          },
          {
            "b": "NYRVC"
          }
        ]
      }
    },
    {
      "948": {
        "ind1": "\\",
        "ind2": "\\",
        "subfields": [
          {
            "h": "NO HOLDINGS IN NYRVC - 95 OTHER HOLDINGS"
          }
        ]
      }
    },
    {
      "999": {
        "ind1": "\\",
        "ind2": "\\",
        "subfields": [
          {
            "a": "00000000020111"
          }
        ]
      }
    }
  ]
}